%% This BibTeX bibliography file was created using BibDesk.
%% http://bibdesk.sourceforge.net/


%% Created for Raymond Wang at 2016-05-19 12:19:06 +0800 


%% Saved with string encoding Unicode (UTF-8) 



@article{Raman,
	Author = {Heller, Eric J and Sundberg, Robert and Tannor, David},
	Date-Added = {2016-05-19 04:19:01 +0000},
	Date-Modified = {2016-05-19 04:19:04 +0000},
	Journal = {The Journal of Physical Chemistry},
	Number = {10},
	Pages = {1822--1833},
	Publisher = {ACS Publications},
	Title = {Simple aspects of Raman scattering},
	Volume = {86},
	Year = {1982}}

@article{Cheby_Adv,
	Author = {Smirnov, Vladimir Ivanovich and Lebedev, Nikola{\u\i} Andreevich},
	Date-Added = {2016-05-19 04:15:25 +0000},
	Date-Modified = {2016-05-19 04:15:41 +0000},
	Publisher = {Iliffe},
	Title = {Functions of a complex variable},
	Year = {1968}}

@article{Chebyshev,
	Author = {Tal-Ezer, Hillel and Kosloff, R},
	Date-Added = {2016-05-19 04:12:39 +0000},
	Date-Modified = {2016-05-19 04:12:45 +0000},
	Journal = {The Journal of chemical physics},
	Number = {9},
	Pages = {3967--3971},
	Publisher = {AIP Publishing},
	Title = {An accurate and efficient scheme for propagating the time dependent Schr{\"o}dinger equation},
	Volume = {81},
	Year = {1984}}

@article{wf_collapse,
	Author = {Bombelli, L},
	Date-Added = {2016-05-19 03:06:42 +0000},
	Date-Modified = {2016-05-19 03:06:52 +0000},
	Journal = {Topics in Theoretical Physics},
	Pages = {10--13},
	Title = {Wave-Function Collapse in Quantum Mechanics},
	Year = {2010}}

@article{decoherence,
	Author = {Schlosshauer, Maximilian},
	Date-Added = {2016-05-19 03:05:20 +0000},
	Date-Modified = {2016-05-19 03:05:26 +0000},
	Journal = {Reviews of Modern Physics},
	Number = {4},
	Pages = {1267},
	Publisher = {APS},
	Title = {Decoherence, the measurement problem, and interpretations of quantum mechanics},
	Volume = {76},
	Year = {2005}}

@book{three_point_approx,
	Author = {Chapra, Steven C and Canale, Raymond P},
	Date-Added = {2016-05-19 03:00:09 +0000},
	Date-Modified = {2016-05-19 03:00:19 +0000},
	Publisher = {McGraw-Hill},
	Title = {Numerical methods for engineers},
	Volume = {2},
	Year = {1998}}

@inproceedings{dirac_notation,
	Author = {Dirac, Paul AM},
	Booktitle = {Proceedings of the Cambridge Philosophical Society},
	Date-Added = {2016-05-19 02:53:43 +0000},
	Date-Modified = {2016-05-19 02:53:51 +0000},
	Organization = {Cambridge Univ Press},
	Pages = {416--418},
	Title = {A new notation for quantum mechanics},
	Volume = {35},
	Year = {1939}}

@misc{Hilbert_space,
	Author = {Courant, Richard and Hilbert, David},
	Date-Added = {2016-05-19 02:50:33 +0000},
	Date-Modified = {2016-05-19 02:50:39 +0000},
	Publisher = {Interscience Publishers, New York},
	Title = {Mathematical methods of Physics},
	Year = {1953}}

@book{math_quantum,
	Author = {John Von Neumann},
	Date-Added = {2016-05-19 02:42:56 +0000},
	Date-Modified = {2016-05-19 02:43:03 +0000},
	Number = {2},
	Publisher = {Princeton university press},
	Title = {Mathematical foundations of quantum mechanics},
	Year = {1955}}

@article{phase_space,
	Author = {Curtright, Thomas L and Zachos, Cosmas K},
	Date-Added = {2016-05-19 02:39:55 +0000},
	Date-Modified = {2016-05-19 02:40:03 +0000},
	Journal = {Asia Pacific Physics Newsletter},
	Number = {01},
	Pages = {37--46},
	Publisher = {World Scientific},
	Title = {Quantum mechanics in phase space},
	Volume = {1},
	Year = {2012}}

@article{FFT_3,
	Author = {Swarztrauber, Paul N},
	Date-Added = {2016-05-19 02:37:14 +0000},
	Date-Modified = {2016-05-19 02:37:19 +0000},
	Journal = {Parallel Computation},
	Pages = {51--83},
	Title = {Vectorizing the FFT's},
	Year = {1982}}

@article{FFT_2,
	Author = {Temperton, Clive},
	Date-Added = {2016-05-19 02:36:26 +0000},
	Date-Modified = {2016-05-19 02:36:29 +0000},
	Journal = {Journal of computational physics},
	Number = {1},
	Pages = {1--23},
	Publisher = {Elsevier},
	Title = {Self-sorting mixed-radix fast Fourier transforms},
	Volume = {52},
	Year = {1983}}

@article{FFT_1,
	Author = {Cooley, James W and Tukey, John W},
	Date-Added = {2016-05-19 02:35:20 +0000},
	Date-Modified = {2016-05-19 02:35:24 +0000},
	Journal = {Mathematics of computation},
	Number = {90},
	Pages = {297--301},
	Publisher = {JSTOR},
	Title = {An algorithm for the machine calculation of complex Fourier series},
	Volume = {19},
	Year = {1965}}

@article{TD_Schrodinger_5,
	Author = {BAYE, D and CAPEL, P and GOLDSTEIN, G},
	Date-Added = {2016-05-19 02:30:34 +0000},
	Date-Modified = {2016-05-19 02:30:42 +0000},
	Journal = {A New Era of Nuclear Structure Physics},
	Pages = {119},
	Publisher = {World Scientific},
	Title = {TIME-DEPENDENT SCHRODINGER. EQUATION},
	Year = {2004}}

@article{TD_Schrodinger_4,
	Author = {Neuhasuer, Daniel and Baer, Michael},
	Date-Added = {2016-05-19 02:30:06 +0000},
	Date-Modified = {2016-05-19 02:30:15 +0000},
	Journal = {The Journal of Chemical Physics},
	Number = {8},
	Pages = {4351--4355},
	Publisher = {AIP Publishing},
	Title = {The time-dependent Schr{\"o}dinger equation: Application of absorbing boundary conditions},
	Volume = {90},
	Year = {1989}}

@article{TD_Schrodinger_3,
	Author = {Kosloff, D and Kosloff, R},
	Date-Added = {2016-05-19 02:29:39 +0000},
	Date-Modified = {2016-05-19 02:29:47 +0000},
	Journal = {Journal of Computational Physics},
	Number = {1},
	Pages = {35--53},
	Publisher = {Elsevier},
	Title = {A Fourier method solution for the time dependent Schr{\"o}dinger equation as a tool in molecular dynamics},
	Volume = {52},
	Year = {1983}}

@article{TD_Schrodinger_2,
	Author = {Runge, Erich and Gross, Eberhard KU},
	Date-Added = {2016-05-19 02:29:08 +0000},
	Date-Modified = {2016-05-19 02:29:15 +0000},
	Journal = {Physical Review Letters},
	Number = {12},
	Pages = {997},
	Publisher = {APS},
	Title = {Density-functional theory for time-dependent systems},
	Volume = {52},
	Year = {1984}}

@article{TD_Schrodinger_1,
	Author = {Tal-Ezer, Hillel and Kosloff, R},
	Date-Added = {2016-05-19 02:28:32 +0000},
	Date-Modified = {2016-05-19 02:28:52 +0000},
	Journal = {The Journal of chemical physics},
	Number = {9},
	Pages = {3967--3971},
	Publisher = {AIP Publishing},
	Title = {An accurate and efficient scheme for propagating the time dependent Schr{\"o}dinger equation},
	Volume = {81},
	Year = {1984}}

@article{H2D,
	Author = {Webster, Frank and Light, JC},
	Date-Added = {2016-05-19 02:27:03 +0000},
	Date-Modified = {2016-05-19 02:27:08 +0000},
	Journal = {The Journal of chemical physics},
	Number = {8},
	Pages = {4744--4745},
	Publisher = {American Institute of Physics},
	Title = {Reactive scattering of H+ H2 and its isotopic analogs},
	Volume = {85},
	Year = {1986}}

@book{Coupled_Channel,
	Author = {Levine, Raphael D},
	Date-Added = {2016-05-19 02:21:56 +0000},
	Date-Modified = {2016-05-19 02:22:14 +0000},
	Publisher = {Courier Corporation},
	Title = {Quantum mechanics of molecular rate processes},
	Year = {2011}}

@article{semi_classical_3,
	Author = {Masel, Richard I and Merrill, Robert P and Miller, William H},
	Date-Added = {2016-05-19 02:17:50 +0000},
	Date-Modified = {2016-05-19 02:18:04 +0000},
	Journal = {Physical Review B},
	Number = {12},
	Pages = {5545},
	Publisher = {APS},
	Title = {Quantum scattering from a sinusoidal hard wall: Atomic diffraction from solid surfaces},
	Volume = {12},
	Year = {1975}}

@article{semi_classical_2,
	Author = {Rankin, CC and Miller, William H},
	Date-Added = {2016-05-19 02:15:50 +0000},
	Date-Modified = {2016-05-19 02:16:07 +0000},
	Journal = {The Journal of Chemical Physics},
	Number = {7},
	Pages = {3150--3156},
	Publisher = {AIP Publishing},
	Title = {Classical S matrix for linear reactive collisions of H+ Cl2},
	Volume = {55},
	Year = {1971}}

@article{semi_classical_1,
	Abstract = {We consider the ℏ{\textrightarrow}0 limit of the quantum dynamics generated by the HamiltonianH(ℏ)=−(ℏ2/2m)$\Delta$+V. We prove that the evolution of certain Gaussian states is determined asymptotically as ℏ{\textrightarrow}0 by classical mechanics. For suitable potentialsV inn≧3 dimensions, our estimates are uniform in time and our results hold for scattering theory.},
	Author = {Hagedorn, G. A.},
	Date-Added = {2016-05-19 02:14:02 +0000},
	Date-Modified = {2016-05-19 02:14:49 +0000},
	Doi = {10.1007/BF01230088},
	Issn = {1432-0916},
	Journal = {Communications in Mathematical Physics},
	Number = {1},
	Pages = {77--93},
	Title = {Semiclassical quantum mechanics},
	
	Volume = {71},
	Year = {1980},
	Bdsk-Url-1 = {http://dx.doi.org/10.1007/BF01230088}}

@article{classical_extend,
	Author = {Tully, John C},
	Date-Added = {2016-05-19 02:09:34 +0000},
	Date-Modified = {2016-05-19 02:09:59 +0000},
	Journal = {Surface Science},
	Number = {3},
	Pages = {461--478},
	Publisher = {Elsevier},
	Title = {Dynamics of gas-surface interactions: Thermal desorption of Ar and Xe from platinum},
	Volume = {111},
	Year = {1981}}

@article{classical_trajectory_2,
	Author = {Robert C. Brown and Eric J. Heller},
	Date-Added = {2016-05-19 02:07:11 +0000},
	Date-Modified = {2016-05-19 02:07:26 +0000},
	Doi = {10.1063/1.441822},
	Title = {Classical trajectory approach to photodissociation: The Wigner method},
	Year = {1981},
	Bdsk-Url-1 = {http://dx.doi.org/10.1063/1.441822}}

@article{classical_trajectory_1,
	Author = {Donoso, Arnaldo and Martens, Craig C},
	Date-Added = {2016-05-19 02:05:56 +0000},
	Date-Modified = {2016-05-19 02:06:11 +0000},
	Journal = {International journal of quantum chemistry},
	Number = {4-5},
	Pages = {1348--1360},
	Publisher = {Wiley Online Library},
	Title = {Classical trajectory-based approaches to solving the quantum Liouville equation},
	Volume = {90},
	Year = {2002}}

@article{BO_approx,
	Author = {Born, Max and Oppenheimer, Robert},
	Date-Added = {2016-05-19 02:03:46 +0000},
	Date-Modified = {2016-05-19 02:03:54 +0000},
	Journal = {Annalen der Physik},
	Number = {20},
	Pages = {457--484},
	Publisher = {Wiley Online Library},
	Title = {Zur quantentheorie der molekeln},
	Volume = {389},
	Year = {1927}}

@article{femto_isolation,
	Author = {Dantus, Marcos and Rosker, Mark J and Zewail, Ahmed H},
	Date-Added = {2016-05-19 01:59:55 +0000},
	Date-Modified = {2016-05-19 02:00:23 +0000},
	Journal = {The Journal of chemical physics},
	Number = {10},
	Pages = {6128--6140},
	Publisher = {AIP Publishing},
	Title = {Femtosecond real-time probing of reactions. II. The dissociation reaction of ICN},
	Volume = {89},
	Year = {1988}}

@article{bimolecular_reaction_2,
	Author = {Zandee, L and Bernstein, RB},
	Date-Added = {2016-05-19 01:56:42 +0000},
	Date-Modified = {2016-05-19 01:56:56 +0000},
	Journal = {The Journal of Chemical Physics},
	Number = {3},
	Pages = {1359--1371},
	Publisher = {AIP Publishing},
	Title = {Resonance-enhanced multiphoton ionization and fragmentation of molecular beams: NO, I2, benzene, and butadiene},
	Volume = {71},
	Year = {1979}}

@article{bimolecular_reaction_1,
	Author = {Brooks, Philip R and Jones, Eugene M},
	Date-Added = {2016-05-19 01:51:36 +0000},
	Date-Modified = {2016-05-19 01:51:48 +0000},
	Journal = {The Journal of Chemical Physics},
	Number = {9},
	Pages = {3449--3450},
	Publisher = {AIP Publishing},
	Title = {Reactive scattering of K atoms from oriented CH3I molecules},
	Volume = {45},
	Year = {1966}}

@techreport{molecular_beam,
	Author = {Kinsey, JL},
	Date-Added = {2016-05-19 01:45:55 +0000},
	Date-Modified = {2016-05-19 01:46:06 +0000},
	Institution = {Massachusetts Inst. of Tech., Cambridge},
	Title = {MOLECULAR BEAM REACTIONS.},
	Year = {1972}}

@article{ab_initio,
	Author = {Payne, Mike C and Teter, Michael P and Allan, Douglas C and Arias, TA and Joannopoulos, JD},
	Date-Added = {2016-05-19 01:36:10 +0000},
	Date-Modified = {2016-05-19 01:36:48 +0000},
	Journal = {Reviews of Modern Physics},
	Number = {4},
	Pages = {1045},
	Publisher = {APS},
	Title = {Iterative minimization techniques for ab initio total-energy calculations: molecular dynamics and conjugate gradients},
	Volume = {64},
	Year = {1992}}
